
@misc{coinmarketcap,
  title = {{CoinMarketCap}},
  howpublished = {\url{https://coinmarketcap.com}}
}

@inproceedings{ajmani2003scheduling,
  title={Scheduling and Simulation: How to Upgrade Distributed Systems.},
  author={Ajmani, Sameer and Liskov, Barbara and Shrira, Liuba and others},
  booktitle={HotOS},
  pages={43--48},
  year={2003},
  organization={Citeseer}
}

@misc{tezoswhitepaper,
  author = {L.M Goodman},
  year = {2014},
  url = {https://tezos.com/static/white_paper-2dc8c02267a8fb86bd67a108199441bf.pdf},
  urldate = {Septemper 9, 2014},
  title = {Tezos, a self-amending crypto-ledger White paper}
}

@misc{bitcoinupgrade,
  title = {{List of Bitcoin Fork}},
  howpublished = {\url{https://en.wikipedia.org/wiki/List_of_bitcoin_forks}}
}

@misc{ethereumupgrade,
  title = {{Ethereum Hard Forks}},
  howpublished = {\url{https://www.etherchain.org/hardForks}}
}

@misc{bitcoincash,
  title = {{Bitcoin Cash Fork}},
  howpublished = {\url{https://en.wikipedia.org/wiki/Bitcoin_Cash}}
}

@misc{bitcoingold,
  title = {{Bitcoin Gold Fork}},
  howpublished = {\url{https://en.wikipedia.org/wiki/Bitcoin_Gold}}
}

@misc{thedaoattack,
  title = {{The DAO}},
  howpublished = {\url{https://en.wikipedia.org/wiki/The_DAO_(organization)}}
}

@misc{eip150,
  title = {{EIP-150}},
  howpublished = {\url{https://github.com/ethereum/EIPs/issues/150}}
}

@book{bryant2003computer,
  title={Computer systems: a programmer's perspective},
  author={Bryant, Randal E},
  volume={281}
}

@article{aycock2003brief,
  title={A brief history of just-in-time},
  author={Aycock, John},
  journal={ACM Computing Surveys (CSUR)},
  volume={35},
  number={2},
  pages={97--113},
  year={2003},
  publisher={ACM}
}
